@inproceedings{C2,
	author = "Jones, C.D. and Smith, A.B. and Roberts, E.F.",
	booktitle = "{Proceedings Title}",
	organization = "IEEE",
	pages = "803--806",
	volume = "II",
	year = "2003"
}

@article{byrne1980,
	author = "Byrne, G.F. and Crapper, P.F. and Mayo, K.K.",
	journal = "Remote sensing of Environment",
	number = "3",
	pages = "175--184",
	publisher = "Elsevier",
	title = "{Monitoring land-cover change by principal component analysis of multitemporal Landsat data}",
	volume = "10",
	year = "1980"
}

@article{eastman1993,
	author = "Eastman, J.R. and Fulk, M.",
	journal = "Photogrammetric Engineering and remote sensing",
	number = "6",
	title = "{Long sequence time series evaluation using standardized principal components}",
	volume = "59",
	year = "1993"
}

@article{hall2003,
	author = "Hall-Beyer, M.",
	journal = "IEEE Transactions on Geoscience and Remote Sensing",
	number = "11",
	pages = "2568--2574",
	publisher = "IEEE",
	title = "{Comparison of single-year and multiyear NDVI time series principal components in cold temperate biomes}",
	volume = "41",
	year = "2003"
}

@article{townshend1985,
	author = "Townshend, J.R.G. and Goff, T.E. and Tucker, C.J.",
	journal = "IEEE Transactions on geoscience and remote sensing",
	number = "6",
	pages = "888--895",
	publisher = "IEEE",
	title = "{Multitemporal dimensionality of images of normalized difference vegetation index at continental scales}",
	year = "1985"
}

@article{almeida2015,
	author = "de Almeida, T.I.R and Penatti, N.C. and Ferreira, L. G. and Arantes, A.E. and do Amaral, C.H.",
	journal = "Wetlands ecology and management",
	number = "4",
	pages = "737--748",
	publisher = "Springer",
	title = "{Principal component analysis applied to a time series of MODIS images: the spatio-temporal variability of the Pantanal wetland, Brazil}",
	volume = "23",
	year = "2015"
}

@article{neeti2014,
	author = "Neeti, N. and Eastman, J.R.",
	journal = "Remote sensing of environment",
	pages = "84--96",
	publisher = "Elsevier",
	title = "{Novel approaches in extended principal component analysis to compare spatio-temporal patterns among multiple image time series}",
	volume = "148",
	year = "2014"
}

@article{crist1984,
	author = "Crist, E.P. and Cicone, R.C.",
	journal = "IEEE Transactions on Geoscience and Remote sensing",
	number = "3",
	pages = "256--263",
	publisher = "IEEE",
	title = "{A physically-based transformation of Thematic Mapper data---The TM Tasseled Cap}",
	year = "1984"
}

@article{juarez2001,
	author = "{R.I.N. Ju{\'a}rez} and {T.W. Liu}",
	journal = "International Journal of Climatology: A Journal of the Royal Meteorological Society",
	number = "14",
	pages = "1803--1820",
	publisher = "Wiley Online Library",
	title = "{FFT analysis on NDVI annual cycle and climatic regionality in Northeast Brazil}",
	volume = "21",
	year = "2001"
}

@article{jakubauskas2002,
	author = "Jakubauskas, M.E. and Legates, D.R. and Kastens, J.H.",
	journal = "Computers and electronics in agriculture",
	number = "1-3",
	pages = "127--139",
	publisher = "Elsevier",
	title = "{Crop identification using harmonic analysis of time-series AVHRR NDVI data}",
	volume = "37",
	year = "2002"
}

@article{ibrahim2018,
	author = "Ibrahim, SS. and Balzter, H. and Tansey, K. and Tsutsumida, N. and Mathieu, R.",
	journal = "International Journal of Remote Sensing",
	number = "9",
	pages = "2718--2745",
	publisher = "Taylor \& Francis",
	title = "{Estimating fractional cover of plant functional types in African savannah from harmonic analysis of MODIS time-series data}",
	volume = "39",
	year = "2018"
}

@inproceedings{ackermann2011,
	author = "Ackermann, E.R. and Grobler, T.L. and van Zyl, A.J. and Steenkamp, K.C. and Olivier, J Corne",
	booktitle = "{Geoscience and Remote Sensing Symposium (IGARSS), 2011 IEEE International}",
	organization = "IEEE",
	pages = "2999--3002",
	title = "{Minimum error land cover separability analysis and classification of MODIS time series data}",
	year = "2011"
}

@phdthesis{grobler2012,
	author = "Grobler, T.L.",
	school = "University of Pretoria",
	title = "{Sequential and non-sequential hypertemporal classification and change detection of MODIS time-series}",
	year = "2012"
}

@article{scikitlearn,
	author = "Pedregosa, F. and others",
	journal = "Journal of Machine Learning Research",
	pages = "2825--2830",
	title = "{Scikit-learn: Machine Learning in {P}ython}",
	volume = "12",
	year = "2011"
}

@book{oliphant2006,
	author = "Oliphant, T.E.",
	publisher = "Trelgol Publishing USA",
	title = "{A guide to NumPy}",
	volume = "1",
	year = "2006"
}

@article{skakun2017,
	author = "Skakun, Sergii and Franch, Belen and Vermote, Eric and Roger, Jean-Claude and Becker-Reshef, Inbal and Justice, Christopher and Kussul, Nataliia",
	journal = "Remote Sensing of Environment",
	pages = "244--258",
	publisher = "Elsevier",
	title = "{Early season large-area winter crop mapping using MODIS NDVI data, growing degree days information and a Gaussian mixture model"},
	volume = "195",
	year = "2017"
}

@article{viovy2000,
	author = "Viovy, N",
	journal = "International Journal of Remote Sensing",
	number = "6-7",
	pages = "1537--1560",
	publisher = "Taylor \& Francis",
	title = "{Automatic classification of time series (ACTS): a new clustering method for remote sensing time series"},
	volume = "21",
	year = "2000"
}

@inproceedings{grobler2012c,
	author = "Grobler, Trienko L and Ackermann, Etienne R and van Zyl, Augustinus J and Kleynhans, Waldo and Salmon, Brian P and Olivier, Jan C",
	booktitle = "{2012 IEEE International Geoscience and Remote Sensing Symposium"},
	organization = "IEEE",
	pages = "6236--6239",
	title = "{Sequential classification of MODIS time series"},
	year = "2012"
}

@masterthesis{ackermann2011t,
	author = "Ackermann, Etienne Rudolph and others",
	school = "University of Pretoria",
	title = "{Sequential land cover classification"},
	year = "2011"
}

