@inproceedings{C2,
	author = "Jones, C.D. and Smith, A.B. and Roberts, E.F.",
	booktitle = "Proceedings Title",
	organization = "IEEE",
	pages = "803--806",
	volume = "II",
	year = "2003"
}

@book{goodfellow2016,
	author = "Goodfellow, Ian and Bengio, Yoshua and Courville, Aaron",
	publisher = "MIT press",
	title = "Deep learning",
	year = "2016"
}

@inproceedings{wang2015,
	author = "Wang, Zhiguang and Oates, Tim",
	booktitle = "Workshops at the Twenty-Ninth AAAI Conference on Artificial Intelligence",
	title = "Encoding time series as images for visual inspection and classification using tiled convolutional neural networks",
	year = "2015"
}

@article{dias2019,
	author = "Dias, Danielle and Dias, Ulisses and Menini, Nathalia and Lamparelli, Rubens and {Le Maire}, Guerric and Torres, Ricardo da S",
	journal = "IEEE Geoscience and Remote Sensing Letters",
	publisher = "IEEE",
	title = "Image-Based Time Series Representations for Pixelwise Eucalyptus Region Classification: A Comparative Study",
	year = "2019"
}

