@comment{x-kbibtex-personnameformatting=<%l><, %f>}

@inproceedings{C2,
	author = "Jones, C.D. and Smith, A.B. and Roberts, E.F.",
	booktitle = "{Proceedings Title}",
	organization = "IEEE",
	pages = "803--806",
	volume = "II",
	year = "2003"
}

@article{byrne1980,
	author = "Byrne, GF and Crapper, PF and Mayo, KK",
	journal = "Remote sensing of Environment",
	number = "3",
	pages = "175--184",
	publisher = "Elsevier",
	title = "{Monitoring land-cover change by principal component analysis of multitemporal Landsat data}",
	volume = "10",
	year = "1980"
}

@article{eastman1993,
	author = "Eastman, J Ronald and Fulk, Michele",
	journal = "Photogrammetric Engineering and remote sensing",
	number = "6",
	title = "{Long sequence time series evaluation using standardized principal components}",
	volume = "59",
	year = "1993"
}

@article{hall2003,
	author = "Hall-Beyer, Mryka",
	journal = "IEEE Transactions on Geoscience and Remote Sensing",
	number = "11",
	pages = "2568--2574",
	publisher = "IEEE",
	title = "{Comparison of single-year and multiyear NDVI time series principal components in cold temperate biomes}",
	volume = "41",
	year = "2003"
}

@article{townshend1985,
	author = "Townshend, John RG and Goff, Thomas E and Tucker, Compton J",
	journal = "IEEE Transactions on geoscience and remote sensing",
	number = "6",
	pages = "888--895",
	publisher = "IEEE",
	title = "{Multitemporal dimensionality of images of normalized difference vegetation index at continental scales}",
	year = "1985"
}

@article{almeida2015,
	author = "de Almeida, Teodoro Isnard Ribeiro and Penatti, Natasha Costa and Ferreira, Laerte Guimar{\~a}es and Arantes, Arielle Elias and do Amaral, Cibele Hummel",
	journal = "Wetlands ecology and management",
	number = "4",
	pages = "737--748",
	publisher = "Springer",
	title = "{Principal component analysis applied to a time series of MODIS images: the spatio-temporal variability of the Pantanal wetland, Brazil}",
	volume = "23",
	year = "2015"
}

@article{neeti2014,
	author = "Neeti, Neeti and Eastman, J Ronald",
	journal = "Remote sensing of environment",
	pages = "84--96",
	publisher = "Elsevier",
	title = "{Novel approaches in extended principal component analysis to compare spatio-temporal patterns among multiple image time series}",
	volume = "148",
	year = "2014"
}

@article{crist1984,
	author = "Crist, Eric P and Cicone, Richard C",
	journal = "IEEE Transactions on Geoscience and Remote sensing",
	number = "3",
	pages = "256--263",
	publisher = "IEEE",
	title = "{A physically-based transformation of Thematic Mapper data---The TM Tasseled Cap}",
	year = "1984"
}

@article{juarez2001,
	author = "{I. Negr{\'o}n Ju{\'a}rez}, Robinson and {T. Liu}, William",
	journal = "International Journal of Climatology: A Journal of the Royal Meteorological Society",
	number = "14",
	pages = "1803--1820",
	publisher = "Wiley Online Library",
	title = "{FFT analysis on NDVI annual cycle and climatic regionality in Northeast Brazil}",
	volume = "21",
	year = "2001"
}

@article{jakubauskas2002,
	author = "Jakubauskas, Mark E and Legates, David R and Kastens, Jude H",
	journal = "Computers and electronics in agriculture",
	number = "1-3",
	pages = "127--139",
	publisher = "Elsevier",
	title = "{Crop identification using harmonic analysis of time-series AVHRR NDVI data}",
	volume = "37",
	year = "2002"
}

@article{ibrahim2018,
	author = "Ibrahim, Sa{\rq}ad and Balzter, Heiko and Tansey, Kevin and Tsutsumida, Narumasa and Mathieu, Renaud",
	journal = "International Journal of Remote Sensing",
	number = "9",
	pages = "2718--2745",
	publisher = "Taylor \& Francis",
	title = "{Estimating fractional cover of plant functional types in African savannah from harmonic analysis of MODIS time-series data}",
	volume = "39",
	year = "2018"
}

@inproceedings{ackermann2011,
	author = "Ackermann, Etienne R and Grobler, Trienko L and van Zyl, Augustinus J and Steenkamp, Karen C and Olivier, J Corne",
	booktitle = "{Geoscience and Remote Sensing Symposium (IGARSS), 2011 IEEE International}",
	organization = "IEEE",
	pages = "2999--3002",
	title = "{Minimum error land cover separability analysis and classification of MODIS time series data}",
	year = "2011"
}

@phdthesis{grobler2012,
	author = "Grobler, Trienko Lups and others",
	school = "University of Pretoria",
	title = "{Sequential and non-sequential hypertemporal classification and change detection of MODIS time-series}",
	year = "2012"
}

